@article{ainslie1975specious,
  title={Specious reward: a behavioral theory of impulsiveness and impulse control.},
  author={Ainslie, George},
  journal={Psychological bulletin},
  volume={82},
  number={4},
  pages={463},
  year={1975},
  publisher={American Psychological Association}
}

@article{augenblick2019experiment,
  title={An experiment on time preference and misprediction in unpleasant tasks},
  author={Augenblick, Ned and Rabin, Matthew},
  journal={Review of Economic Studies},
  volume={86},
  number={3},
  pages={941--975},
  year={2019},
  publisher={Oxford University Press}
}
@article{baker2003delay,
  title={Delay discounting in current and never-before cigarette smokers: similarities and differences across commodity, sign, and magnitude.},
  author={Baker, Forest and Johnson, Matthew W and Bickel, Warren K},
  journal={Journal of abnormal psychology},
  volume={112},
  number={3},
  pages={382},
  year={2003},
  publisher={American Psychological Association}
}
@book{oulasvirta2018computational,
  title={Computational interaction},
  author={Oulasvirta, Antti and Kristensson, Per Ola and Bi, Xiaojun and Howes, Andrew},
  year={2018},
  publisher={Oxford University Press}
}

@article{chapman1996temporal,
  title={Temporal discounting and utility for health and money.},
  author={Chapman, Gretchen B},
  journal={Journal of Experimental Psychology: Learning, Memory, and Cognition},
  volume={22},
  number={3},
  pages={771},
  year={1996},
  publisher={American Psychological Association}
}

@article{chapman1995valuing,
  title={Valuing the future: Temporal discounting of health and money},
  author={Chapman, Gretchen B and Elstein, Arthur S},
  journal={Medical decision making},
  volume={15},
  number={4},
  pages={373--386},
  year={1995},
  publisher={Sage Publications Sage CA: Thousand Oaks, CA}
}

@article{cockburn2014supporting,
  title={Supporting novice to expert transitions in user interfaces},
  author={Cockburn, Andy and Gutwin, Carl and Scarr, Joey and Malacria, Sylvain},
  journal={ACM Computing Surveys (CSUR)},
  volume={47},
  number={2},
  pages={1--36},
  year={2014},
  publisher={ACM New York, NY, USA}
}

@article{fischer2001read,
  title={Read this paper later: procrastination with time-consistent preferences},
  author={Fischer, Carolyn},
  journal={Journal of Economic Behavior \& Organization},
  volume={46},
  number={3},
  pages={249--269},
  year={2001},
  publisher={Elsevier}
}
@article{frederick2002time,
  title={Time discounting and time preference: A critical review},
  author={Frederick, Shane and Loewenstein, George and O'donoghue, Ted},
  journal={Journal of economic literature},
  volume={40},
  number={2},
  pages={351--401},
  year={2002}
}
@article{green1997rate,
  title={Rate of temporal discounting decreases with amount of reward},
  author={Green, Leonard and Myerson, Joel and McFadden, Edward},
  journal={Memory \& cognition},
  volume={25},
  number={5},
  pages={715--723},
  year={1997},
  publisher={Springer}
}
@inproceedings{krisler2008training,
  title={Training towards mastery: overcoming the active user paradox},
  author={Krisler, Brian and Alterman, Richard},
  booktitle={Proceedings of the 5th Nordic conference on Human-computer interaction: building bridges},
  pages={239--248},
  year={2008}
}
@article{lafreniere2017investigating,
  title={Investigating the post-training persistence of expert interaction techniques},
  author={Lafreniere, Benjamin and Gutwin, Carl and Cockburn, Andy},
  journal={ACM Transactions on Computer-Human Interaction (TOCHI)},
  volume={24},
  number={4},
  pages={1--46},
  year={2017},
  publisher={ACM New York, NY, USA}
}
@article{remington2016practice,
  title={With practice, keyboard shortcuts become faster than menu selection: A crossover interaction.},
  author={Remington, Roger W and Yuen, Ho Wang Holman and Pashler, Harold},
  journal={Journal of Experimental Psychology: Applied},
  volume={22},
  number={1},
  pages={95},
  year={2016},
  publisher={American Psychological Association}
}
@article{bailly2016visual,
  title={Visual menu techniques},
  author={Bailly, Gilles and Lecolinet, Eric and Nigay, Laurence},
  journal={ACM Computing Surveys (CSUR)},
  volume={49},
  number={4},
  pages={1--41},
  year={2016},
  publisher={ACM New York, NY, USA}
}
@article{carroll5,
  title={5 Paradox of the Active User1},
  author={Carroll, John M and Rosson, Mary Beth}
}
@article{lane2005hidden,
  title={Hidden costs of graphical user interfaces: Failure to make the transition from menus and icon toolbars to keyboard shortcuts},
  author={Lane, David M and Napier, H Albert and Peres, S Camille and Sandor, Aniko},
  journal={International Journal of Human-Computer Interaction},
  volume={18},
  number={2},
  pages={133--144},
  year={2005},
  publisher={Taylor \& Francis}
}
@article{bailly,
  title={Investigating Time Discounting Bias in User Interfaces},
  author={Gilles Bailly}
}